<record><leader>00000cas a2200000 a 4500</leader><controlfield tag="001">45882757</controlfield><controlfield tag="008">010209c19999999iluwr ne      0    0eng c</controlfield><datafield ind1=" " ind2=" " tag="010"><subfield code="a">sn2001061206</subfield></datafield><datafield ind1=" " ind2=" " tag="040"><subfield code="a">CVF</subfield><subfield code="b">eng</subfield><subfield code="c">CVF</subfield><subfield code="d">NVF</subfield><subfield code="d">OCLCF</subfield><subfield code="d">OCLCO</subfield></datafield><datafield ind1="1" ind2=" " tag="029"><subfield code="a">AU@</subfield><subfield code="b">000022280737</subfield></datafield><datafield ind1=" " ind2=" " tag="042"><subfield code="a">pcc</subfield></datafield><datafield ind1=" " ind2=" " tag="043"><subfield code="a">n-us-il</subfield></datafield><datafield ind1="0" ind2="4" tag="245"><subfield code="a">The Western Springs doings.</subfield></datafield><datafield ind1=" " ind2=" " tag="260"><subfield code="a">Hinsdale, Ill. :</subfield><subfield code="b">Pioneer Newspapers, Inc.,</subfield><subfield code="c">1999-</subfield></datafield><datafield ind1=" " ind2=" " tag="300"><subfield code="a">v.</subfield></datafield><datafield ind1=" " ind2=" " tag="310"><subfield code="a">Weekly</subfield></datafield><datafield ind1="0" ind2=" " tag="362"><subfield code="a">July 15, 1999-</subfield></datafield><datafield ind1=" " ind2=" " tag="580"><subfield code="a">Formed by the union of: Doings (Hinsdale, Ill. : Western Springs ed.) and: Doings (Hinsdale, Ill. : Indian Head Park ed.).</subfield></datafield><datafield ind1=" " ind2="0" tag="651"><subfield code="a">Western Springs (Ill.)</subfield><subfield code="v">Newspapers.</subfield></datafield><datafield ind1=" " ind2="7" tag="655"><subfield code="a">Newspapers.</subfield><subfield code="2">fast</subfield><subfield code="0">(OCoLC)fst01423814</subfield></datafield><datafield ind1=" " ind2="7" tag="651"><subfield code="a">Illinois</subfield><subfield code="z">Western Springs.</subfield><subfield code="2">fast</subfield><subfield code="0">(OCoLC)fst01204790</subfield></datafield><datafield ind1=" " ind2=" " tag="752"><subfield code="a">United States</subfield><subfield code="b">Illinois</subfield><subfield code="c">DuPage</subfield><subfield code="d">Hinsdale.</subfield></datafield><datafield ind1="1" ind2="4" tag="780"><subfield code="t">Doings (Hinsdale, Ill. : Western Springs ed.)</subfield><subfield code="w">(DLC)sn 94054496</subfield><subfield code="w">(OCoLC)30905237</subfield></datafield><datafield ind1="1" ind2="4" tag="780"><subfield code="t">Doings (Hinsdale, Ill. : Indian Head Park ed.)</subfield><subfield code="w">(DLC)sn 95066093</subfield><subfield code="w">(OCoLC)32214537</subfield></datafield></record>